



@Book{PRML,
  author = 	 "Christopher M. Bishop",
  title = 	 "Pattern Recognition and Machine Learning",
  publisher = 	 "Springer",
  year = 	 "2006",
}

@article{t-norm,
	Author = {R. Auckenthaler and M. Carey and H. Lloyd-Thomas},
	Journal = {Digital Signal Processing},
	Pages = {42--54},
  Title = {Score normalization for text-independent speaker
  verification systems},
	Volume = {10},
	Year = {2000}	}



@inproceedings{awe_and_mystery,
	Author = {Jir\'i Navr\'atil and Ganesh N. Ramaswamy},
	Crossref = {eurospeech2003},
	Title = {The awe and mystery of t-norm}}

@proceedings{eurospeech2003,
	Booktitle = {{EUROSPEECH}, Geneva},
	Key = {EUROSPEECH},
	Title = {{EUROSPEECH}, Geneva},
	Year = {2003}}


@inproceedings{zt-norm,
	Author = {R. Vogt and B. Baker and S. Sridharan},
	Crossref = {eurospeech2005},
	Title = {Modeling session variability
in text-independent speaker verification}}

@proceedings{eurospeech2005,
	Booktitle = {{EUROSPEECH}, Lisbon},
	Key = {EUROSPEECH},
	Title = {{EUROSPEECH}, Lisbon},
	Year = {2005}}




@inproceedings{at-norm,
	Author = {D.E. Sturim and D.A Reynolds},
	Crossref = {ICASSP05},
	Title = {Speaker adaptive cohort selection for Tnorm in text-independent speaker verification}
	}

@proceedings{ICASSP05,
	Booktitle = {{ICASSP}},
	Key = {ICASSP05},
	Title = {{ICASSP}},
	Year = {2005}}



@inproceedings{as-norm,
	Author = {Sandro Cumani and Pier Domenico Batzu and Daniele Colibro and Claudio Vair and
Pietro Laface and Vasileios Vasilakakis},
	Crossref = {interspeech2011},
	Title = {Comparison of Speaker Recognition Approaches for Real Applications}}

@proceedings{interspeech2011,
	Booktitle = {{INTERSPEECH}, Florence},
	Key = {interspeech2011},
	Title = {{INTERSPEECH}, Florence},
	Year = {2011}}


@inproceedings{bayescal,
	Author = {Niko Br\"ummer and Albert Swart},
	Crossref = {interspeech2014},
	Title = {Bayesian calibration for forensic evidence reporting}
}

@proceedings{interspeech2014,
	Booktitle = {{INTERSPEECH}, Singapore},
	Key = {interspeech2014},
	Title = {{INTERSPEECH}, Singapore},
	Year = {2014}}

@inproceedings{NPT_SRE16,
	Author = {Daniele Colibro and Claudio Vair and Emanuele Dalmasso and Kevin Farrell and Gennady Karvitsky and Sandro Cumani and Pietro Laface},
	Crossref = {interspeech2017},
	Title = {{N}uance - {P}olitecnico di {T}orino's 2016 {NIST} {S}peaker {R}ecognition {E}valuation System}
}

@inproceedings{ABC_SRE16,
	Author = {Olda et al},
	Crossref = {interspeech2017},
	Title = {{ABC} System for {NIST} {SRE'16}}
}



@proceedings{interspeech2017,
	Booktitle = {{INTERSPEECH}, Stockholm},
	Key = {interspeech2017},
	Title = {{INTERSPEECH}, Stockholm},
	Year = {2017}
	}



@inproceedings{ht-plda,
	Author = {Patrick Kenny},
	Crossref = {Odyssey2010},
	Title = {Bayesian Speaker Verification with Heavy-Tailed
Priors}}

@proceedings{Odyssey2010,
	Booktitle = {Odyssey 2010, The Speaker
and Language Recognition Workshop, Brno},
	Key = {Odyssey2010},
	Title = {Odyssey 2010, The Speaker
and Language Recognition Workshop, Brno},
	Year = {2010}}

@inproceedings{cal,
	Author = {Niko Br\"ummer and Albert Swart and David van Leeuwen},
	Crossref = {Odyssey2014},
	Title = {A comparison of linear and non-linear calibrations for speaker recognition}
	}

@proceedings{Odyssey2014,
	Booktitle = {Odyssey 2014, The Speaker
and Language Recognition Workshop, Brno},
	Key = {Odyssey2014},
	Title = {Odyssey 2014, The Speaker
and Language Recognition Workshop, Joensuu},
	Year = {2014}}

@inproceedings{Bengio_word_embedding,
  Author = {Yoshua Bengio and R\'ejean Ducharme and Pascal Vincent},
  Booktitle = {NIPS},
	Title = {A Neural Probabilistic Language Model},
	Year = {2000}
}




@inproceedings{ivector-Brighton, 
  Author = {N. Dehak and R. Dehak and P. Kenny and N. Br\"ummer and P. Ouellet and P. Dumouchel}, 
	Title = {Support Vector Machines versus Fast Scoring in the Low-Dimensional Total Variability Space for Speaker Verification}, 
	Booktitle= {Interspeech}, 
	Address = {Brighton, UK},
	Month = {September}, 
	Year = {2009}
}

@article{ivec, 
  Author = {N. Dehak and P. Kenny and R. Dehak and P. Dumouchel and P. Ouellet}, 
	Title = {Front-End Factor Analysis for Speaker Verification}, 
	Journal = {IEEE Transactions on Audio, Speech and Language Processing}, 
	Pages = {788-798},
	Volume = {19},
	Number = {4},
	Month = {May},
	Year = {2011}
}


@article{Facenet,
  author    = {Florian Schroff and
               Dmitry Kalenichenko and
               James Philbin},
  title     = {FaceNet: {A} Unified Embedding for Face Recognition and Clustering},
  journal   = {CoRR},
  volume    = {abs/1503.03832},
  year      = {2015},
  url       = {http://arxiv.org/abs/1503.03832},
  timestamp = {Wed, 07 Jun 2017 14:40:12 +0200},
  biburl    = {http://dblp.uni-trier.de/rec/bib/journals/corr/SchroffKP15},
  bibsource = {dblp computer science bibliography, http://dblp.org}
}



@inproceedings{BUT_ivector_language, 
  Author = {David Mart\'inez and Old\v{r}ich Plchot and Luk\'a\v{s} Burget and Ond\v{r}ej Glembek and Pavel Mat\v{e}jka}, 
	Title = {Language Recognition in iVectors Space}, 
	Booktitle = {Interspeech},
	Year = {2011}
}

@inproceedings{end2end, 
  Author = {David Snyder and Pegah Ghahremani and Daniel Povey}, 
  Title = {Deep Neural Network-based Speaker Embeddings for End-to-end Speaker Verification}, 
	Booktitle = {IEEE Workshop on Spoken Language Technology}, 
	Year = {2016}
}

@inproceedings{DSIS17, 
  Author = {David Snyder and Daniel Garcia-Romero and Dan Povey and Sanjeev Khudanpur}, 
	Title = {Deep Neural Network Embeddings for Text-Independent Speaker Verification}, 
	Booktitle = {Interspeech}, 
	Address = {Stockholm}, 
	year = {2017}
}

@inproceedings{LIMSI_Language_embedding, 
  Author = {G Gelly and J L Gauvain}, 
	Title = {Spoken Language Identification using LSTM-based Angular Proximity}, 
	Booktitle = {Interspeech}, 
	Address = {Stockholm}, 
	year = {2017}
}



@article{NikoCSL, 
  Author = {Niko Br\"ummer and Johan du Preez}, 
	Title = {Application Independent Evaluation of Speaker Detection}, 
	Journal = {Computer Speech and Language}, 
	Volume = {20},
	Pages = {230-275},
	Number = {2-3},
	Year = {2006}
}

@book{PTLOS, 
  Author = {Edwin T Jaynes}, 
	Title = {Probability Theory: The Logic of Science}, 
	Publisher = {Cambridge University Press}, 
	year = {2003}
}

@techreport{JFA, 
 Author = {Patrick Kenny}, 
 Title = {Joint factor analysis of speaker and session variability: Theory and algorithms}, 
 Number = {CRIM-06/08-13}, 
 Address = {Montreal}, 
 INSTITUTION  = {CRIM}, 
 Year = {2005}
}

@techreport{Degrees_of_boosting,
  author = {Andreas Buja and Werner Stuetzle and Yi Shen},
	title = {Loss functions for binary class probability estimation and classification: {S}tructure
           and applications}, 
	institution = {Statistics Department, The Wharton School, University of Pennsylvania}, 
	month = {November},
	year = {2005}
}

@inproceedings{HTPLDA, 
  Author = {Patrick Kenny}, 
	Title  = {Bayesian Speaker Verification with Heavy-Tailed Priors}, 
	note = {keynote presentation}, 
	Booktitle = {Odyssey Speaker and Language Recognition Workshop}, 
	address = {Brno, Czech Republic}, 
	month = {June},
	year = {2010}
}

@inproceedings{SPP, 
  author = {Niko Br\"ummer and Edward de Villiers}, 
	Title = {The Speaker Partitioning Problem}, 
	Booktitle = {Odyssey Speaker and Language Recognition Workshop}, 
	address = {Brno, Czech Republic}, 
	month = {June},
	year = {2010}
}


@article{VAE,
   author = {{Kingma}, D.~P and {Welling}, M.},
   title = {Auto-Encoding Variational {B}ayes},
   journal = {arXiv},
   year = 2013,
	 url = {http://arxiv.org/abs/1312.6114}
}

@article{Sandro_PSVM, 
  author = {S. Cumani and P. Laface},
	year = {2014},
  title = {Large scale training of Pairwise Support Vector Machines for speaker recognition},
	journal = {{IEEE} {T}ransactions on audio, speech and language processing}, 
	volume = {22},
	number = {11},
	pages = {1590-1600}
}


@article{Sandro_pairs, 
  author = {S. Cumani and N. Br\"ummer and L. Burget and P. Laface and O. Plchot and V. Vasilakakis},
	year = {2013},
  title = {Pairwise Discriminative Speaker Verification in the I-Vector Space},
	journal = {{IEEE} {T}ransactions on audio, speech and language processing}, 
	volume = {21},
	number = {6},
	pages = {1217-1227}
}

@article{STBUFusion,
  author = {Niko Br\"ummer and Luk\'as Burget and Jan \v{C}ernocky and Ondrej Glembek and Frantisek Gr\'ezl and Martin Karaf\'iat and
David A. van Leeuwen and Pavel Mat\v{e}jka and Petr Schwarz and Albert Strasheim},
	title = {Fusion of Heterogeneous Speaker Recognition Systems in the {STBU} Submission for the {NIST} {S}peaker {R}ecognition {E}valuation 2006},   
	journal = {IEEE TASLP}, 
	volume = {15}, 
	number = {7}, 
	month = {September},
	year = {2007}
}


@article{Gneiting_Raftery_PSR,
  author = {Tilmann Gneiting and Adrian E. Raftery},  
	year = {2007},
	title = {Strictly Proper Scoring Rules, Prediction, and Estimation},
	journal = {Journal of the American Statistical Association} ,
	volume = {102},
	number = {447},
	pages = {359-378}
}


@article{Dawid_MinScoringRuleInference,
  author = {A. Philip Dawid and Monica Musio and Laura Ventura},  
	year = {2016},
	title = {Minimum Scoring Rule Inference},
	journal = {Scandinavian Journal of Statistics} ,
	volume = {43},
	issue = {1},
	pages = {123-138}
}

@article{BrooksLemma,
  author = {D. Brook},
	title = {On the distinction between the conditional probability and the joint
           probability approaches in the specification of nearest-neighbour systems},
	journal = {Biometrika},
  volume = {3,4},
	number = {51},
	pages = {481-483}, 
	month = {December},
	year = {1964}
}


@inproceedings{PW_PSR,
  author = {Niko Br\"ummer and George Doddington}, 
	title = {Likelihood-ratio calibration using prior-weighted proper scoring rules}, 
	booktitle = {Interspeech},
	year = {2013},
	address = {Lyon}
}

@inproceedings{Lyu_BrooksLemma,
  author = {Siwei Lyu}, 
	title = {Interpretation and Generalization of Score Matching}, 
	booktitle = {Conference on Uncertainty in Artificial Intelligence},
	year = {2009},
	month = {December},
	address = {Montreal}
}

@book{DeGroot,
  author = {Morris H. DeGroot},
	title = {Optimal Statistical Decisions}, 
	publisher = {McGraw-Hill},
  year = {1970}
}

@inproceedings{Titsias, 
  Author = {Michalis Titsias and Miguel L\'azaro-Gredilla}, 
	Title = {Doubly stochastic variational {B}ayes for non-conjugate inference}, 
	Booktitle = {ICML}, 
	Year = {2014}, 
	url = {www.jmlr.org/proceedings/papers/v32/titsias14.pdf}
}


@inproceedings{Vilnis, 
  Author = {Luke Vilnis and Andrew McCallum}, 
	Title = {Word Representations via {G}aussian Embedding}, 
	Booktitle = {ICLR},
	year = {2015}, 
	url = {http://arxiv.org/abs/1412.6623}
}


%\bibitem[17] {EFE} Maja Rudolph, Francisco Ruiz, Stephan Mandt and David Blei, ``Exponential Family Embeddings'', NIPS 2016, \url{papers.nips.cc/paper/6571-exponential-family-embeddings}.

@inproceedings{PLDA-IOFFE, 
  Author = {Sergey Ioffe}, 
	Title = {Probabilistic Linear Discriminant Analysis}, 
	Booktitle = {9th {E}uropean Conference on Computer Vision}, 
	address = {Graz, Austria}, 
	year = {2006}
}


@inproceedings{PLDA-Prince, 
  author = {Simon JD Prince and James H Elder}, 
	title = {Probabilistic Linear Discriminant Analysis for Inferences About Identity}, 
	Booktitle = {IEEE 11th International Conference on Computer Vision}, 
	year = {2007}
}
	
@inproceedings{calibration_Odyssey14,
  author = {Niko Br\"ummer and Albert Swart and David van Leeuwen}, 
	title = {A comparison of linear and non-linear calibrations for speaker recognition}, 
	booktitle = {Odyssey 2014: {T}he Speaker and Language Recognition Workshop}, 
	year = {2014},
	address = {Joensuu},
	url = {http://arxiv.org/abs/1402.2447}
}
	
	
@article{PLDA-Li, 
  author = {Peng Li and Yun Fu and Umar Mohammed and James H. Elder and Simon J.D. Prince}, 
	title = {Probabilistic Linear Discriminant Analysis for Inferences About Identity}, 
	journal = {IEEE Trans. PAMI}, 
	volume = {34}, 
	number = {1}, 
	month = {January},
	year = {2012}
}

@article{Uncertainty-Sandro, 
  author = {S. Cumani and O. Plchot and P. Laface}, 
	title = {On the use of i-vector posterior distributions in {PLDA}}, 
	journal = {IEEE Trans. ASLP}, 
	volume = {22}, 
	number = {4}, 
	year ={2014}
}

@inproceedings{Uncertainty-Patrick, 
  author = {P. Kenny and T. Stafylakis and Pierre Ouellet and Md. Jahangir Alam and Pierre Dumouchel}, 
	title = {{PLDA} for Speaker Verification with Utterances of Arbitrary Duration}, 
	booktitle = {IEEE ICASSP}, 
	year = {2013}
}

@inproceedings{Uncertainty-Themos, 
  author = {T. Stafylakis and P. Kenny and P. Ouellet and J. Perez and M. Kockmann and P. Dumouchel}, 
	title = {Text-dependent speaker recognition using {PLDA} with uncertainty propagation},
	booktitle = {Interspeech},
	year = {2013}
}

@inproceedings{Uncertainty-Bilbao, 
  author = {Patrick Kenny and Themos Stafylakis and J. Alam and V. Gupta and M. Kockmann}, 
	title = {Uncertainty Modeling Without Subspace Methods For Text-Dependent Speaker Recognition}, 
	booktitle = {Speaker Odyssey: The Speaker and Language Recognition Workshop}, 
	address = {Bilbao}, 
	year = {2016}
}

@book{Chow, 
  author = {Chow, Yuan Shih and Teicher, Henry},
	title = {Probability theory: Independence, interchangeability, martingales}, 
	series = {Springer Texts in Statistics}, 
	edition = 3,
	publisher = {Springer}, 
	address = {New York}, 
	year = {1997}
}

@article{Defense_Triplet,
  author    = {Alexander Hermans and
               Lucas Beyer and
               Bastian Leibe},
  title     = {In Defense of the Triplet Loss for Person Re-Identification},
  journal   = {CoRR},
  volume    = {abs/1703.07737},
  year      = {2017},
  url       = {http://arxiv.org/abs/1703.07737}
}

@article{Dawid_Musio_ThApp_PSR_2014,
  author = {A.P. Dawid and M. Musio},
  title = {Theory and applications of proper scoring rules},
	journal = {Metron},
	volume = {72},
	year = {2014},
	url = {http://arxiv.org/abs/1401.0398}
}

@article{Dawid_Musio_PSR_ModelSelec_2015,
  author = {A.P. Dawid and M. Musio},
  title = {Bayesian model selection based on proper scoring rules},
	journal = {Bayesian Analysis},
	volume = {10},
	number = {2},
	year = {2015},
	url = {http://arxiv.org/abs/1409.5291}
}

@article{Dawid_discrete_PSR,
  author = {A. Philip Dawid and Steffen Lauritzen and Matthew Parry}, 
	title = {Proper Local Scoring Rules on Discrete Sample Spaces}, 
	journal = {The Annals of Statistics},
  year = {2012},
	url = {http://arxiv.org/abs/1104.2224}
}


@article{Besag_pseudolikelihood,
  author = {J.E. Besag}, 
	year = {1975},
	title = {Statistical analysis of non-lattice data},
	journal = {Journal of the Royal Statistical Society, series D (The Statistician)},
  volume = {24}, 
	pages = {179-195}
}

@inproceedings{Dani_length_norm,
  author = {D. Garcia-Romero and C. Y. Espy-Wilson},
	title = {Analysis of I-vector Length Normalization in Speaker Recognition Systems},
	booktitle = {Interspeech}, 
	address = {Florence, Italy}, 
	year = {2011}
}

@misc{random,
  author = {Kyle Siegrist},
	title = {Random: Probability, Mathematical Statistics, Stochastic Processes},
	url = {http://www.math.uah.edu/stat/expect/Spaces.html},
	note = {See section 3.11 Vector Spaces of Random Variables},
	year = {1997},
}

@techreport{ouwehand,
  title = {Spaces of Random Variables},
	author = {Peter Ouwehand},
	year = {2010},
	month = {November},
	url = {http://users.aims.ac.za/~pouw/Lectures/Lecture_Spaces_Random_Variables.pdf},
	type = {lecture},
	institution = {AIMS}
}

@book{Billingsley,
   title =     {Probability and Measure},
   author =    {Patrick Billingsley},
   publisher = {John Wiley \& Sons},
   year =      {1995},
   edition =   {3}
}	
	
@phdthesis{Bigoni,
  title = {Uncertainty Quantification with Applications to Engineering Problems},
	author = {Daniele Bigoni},
	school = {Thechnical University of Denmark},
	year = {2015},
	note = {See Appendix B: Probability theory and
functional spaces},
	url = {http://orbit.dtu.dk/files/106969507/phd359_Bigoni_D.pdf}
}


@phdthesis{PhD,
  title = {Measuring, refining and calibrating speaker and
language information extracted from speech},
	author = {Niko Br\"ummer},
	school = {Stellenbosch University},
	year = {2010},
	url = {https://scholar.sun.ac.za/handle/10019.1/5139}
}




@inproceedings{Voxceleb,
  title = {VoxCeleb: a large-scale speaker identification dataset},
	author = {Arsha Nagrani and Joon Son Chung and Andrew Zisserman},
	booktitle = {Interspeech},
	year = {2017},
	url = {https://arxiv.org/abs/1706.08612}
}


@article{Picinbono-1996,
doi	= {10.1109/78.539051},
title	= {Second-order complex random vectors and normal distributions},
author	= {Picinbono, B.},
publisher	= {IEEE},
journal	= {IEEE Transactions on Signal Processing},
year	= {1996},
volume	= {44},
issue	= {10},
page	= {2637-2640}
}

@article{Goldwater,
  author = {Sharon Goldwater and Thomas L. Griffiths and Mark Johnson}, 
	title = {Producing Power-Law Distributions and Damping Word Frequencies with
           Two-Stage Language Models}, 
  journal = {Journal of machine Learning Research}, 
	year = {2011},
	url = {www.jmlr.org/papers/volume12/goldwater11a/goldwater11a.pdf}
}


@article{Pitman,
  author = {Jim Pitman}, 
	title = {Exchangeable and Partially Exchangeable Random Partitions},
  journal = {Probability Theory and Related Fields}, 
	volume = {102},
	pages =  {145-158}, 
  year = {1995},
  url = {www.stat.berkeley.edu/~aldous/206-Exch/Papers/pitman95a.pdf}
}

@book{SteinWeiss, 
  author = {Elias M Stein and Guido Weiss}, 
	title = {Introduction to Fourier Analysis on Euclidean Spaces}, 
	publisher = {Princeton University Press}, 
	year = {1971}
}


@book{PitmanBook,
   title =     {Combinatorial Stochastic Processes: Ecole d'Et\'e de Probabilit\'es de Saint-Flour XXXII – 2002},
   author =    {Jim Pitman},
	 editor = {Jean Picard},
   publisher = {Springer-Verlag},
   year =      {2006}
}



@book{Nocedal,
  author = {Jorge Nocedal and Stephen J. Wright},
	title = {Numerical Optimization},
  edition = {2}, 
	publisher = {Springer},
	year = {2006}
}

@book{Oberhettinger,
  author = {Oberhettinger, Fritz}, 
	year = {1973},
	title = {Fourier Transforms of Distributions and their Inverses: A Collection of Tables}, 
	publisher = {Academic Press}
}

@inproceedings{LRE_NIST_Odyssey2014,
  author = {Alvin F. Martin and Craig S. Greenberg and John M. Howard and George R. Doddington and John J. Godfrey},
	title = {{NIST} Language Recognition Evaluation: {P}ast and Future},
	booktitle = {Speaker Odyssey: The Speaker and Language Recognition Workshop},
	year = {2014},
	address = {Joensuu, Finland}
}
	
@inproceedings{pcd,
  author = {Tijmen Tieleman},
	title = {Training Restricted {B}oltzmann Machines using Approximations to
the Likelihood Gradient},
	booktitle = {International Conference on Machine Learning},
	year = {2008},
	address = {Helsinki, Finland}
}
	
	
@article{cd,
  author = {G. Hinton},
	year = {2002}, 
	title = {Training Products of Experts by Minimizing Contrastive Divergence},
  journal = {Neural Computation},
  volume = {14}, 
	pages = {1771-1800},
}
	
	
@book{ITILA,
  author = {David J. C. MacKay}, 
	title ={Information Theory, Inference, and Learning Algorithms}, 
	publisher = {Cambridge University Press}, 
	year = {2003}
}





